@misc{jquery-selectors,
	author       = "jQuery Foundation",
	title        = "Selectors",
	howpublished = "\url{http://api.jquery.com/category/selectors/}"
}

@misc{jquery-events,
	author       = "jQuery Foundation",
	title        = "Events",
	howpublished = "\url{http://api.jquery.com/category/events/}"
}

@misc{jquery-traversing,
	author       = "jQuery Foundation",
	title        = "Traversing",
	howpublished = "\url{http://api.jquery.com/category/traversing/}"
}

@misc{jquery-ajax,
	author       = "jQuery Foundation",
	title        = "AJAX",
	howpublished = "\url{http://api.jquery.com/category/ajax/}"
}