@book{gangoffour,
    author = {Erich Gamma and Richard Helm and Ralph Johnson and John Vlissides},
    day = {10},
    edition = {First},
    howpublished = {Hardcover},
    isbn = {0201633612},
    keywords = {design, development, pattern, software},
    month = {November},
    publisher = {Addison-Wesley Professional},
    title = {{Design Patterns: Elements of Reusable Object-Oriented Software}},
    url = {http://www.amazon.com/exec/obidos/redirect?tag=citeulike07-20\&path=ASIN/0201633612},
    year = {1994}
}

@misc{javapractices,
    author = {John O'Hanley},
    year = {2015},
    title = {Design By Contract},
    howpublished = {\url{http://www.javapractices.com/topic/TopicAction.do?Id=194}}
}