@book{codeComplete,
	author    = "Steve McConnell",
	title     = "Code Complete",
	publisher = "Microsoft Press",
	year      = "1993",
	address   = "Redmond, WA",
	isbn      = "9781556154843"
}

@book{designPatterns,
	author    = "Erich Gamma and Richard Helm and Ralph Johnson and John Vlissides",
	title     = "Design Patterns: Elements of Reusable Object-Oriented Software",
	publisher = "Addison-Wesley Professional",
	year      = "1995",
	address   = "Boston, MA",
	isbn      = "9780201633610"
}

@book{j2ee,
	author    = "Deepak Alur and Dan Malks and John Crupi",
	title     = "Core J2EE Patterns: Best Practices and Design Strategies",
	publisher = "Prentice Hall",
	year      = "2003",
	address   = "Upper Saddle River, NJ",
	isbn      = "9780131422469"
}