@misc{wiki-variable,
	author       = "Wikipedia",
	title        = "Variable (computer science)",
	howpublished = "\url{http://en.wikipedia.org/wiki/Variable_(computer_science)}"
}