@misc{netcraft,
	author       = "Netcraft Ltd",
	title        = "March 2015 Web Server Survey",
	howpublished = "\url{http://news.netcraft.com/archives/2015/03/19/march-2015-web-server-survey.html}"
}

@misc{apache,
	author       = "Apache Foundation",
	title        = "About Apache",
	howpublished = "\url{http://httpd.apache.org/ABOUT_APACHE.html}"
}

@misc{mysql,
	author       = "Oracle Corporation",
	title        = "What Is mySQL?",
	howpublished = "\url{http://dev.mysql.com/doc/refman/5.6/en/what-is-mysql.html}"
}