@misc{php-fopen,
    author = {The PHP Group},
    year = {2015},
    title = {PHP: fopen - Manual},
    howpublished = {\url{http://php.net/manual/en/function.fopen.php}}
}

@misc{cfaq,
	author = {Steve Summit},
	year = {2005},
	title = {comp.lang.c FAQ list Â· Question 12.40},
	howpublished = {\url{http://c-faq.com/stdio/textvsbinary.html}}
}

@misc{latency,
	author = {Colin Scot},
	year = {2012},
	title = {Latency Numbers Every Programmer Should Know},
	howpublished = {\url{http://www.eecs.berkeley.edu/~rcs/research/interactive_latency.html}}
}

@misc{human-latency,
	author = {P Stark},
	year = {2012},
	title = {Latency Numbers Every Programmer Should Know},
	howpublished = {\url{https://gist.github.com/hellerbarde/2843375}}
}