@book{sklansky,
	author       = "David Sklansky",
	title        = "The Theory of Poker: A Professional Poker Player Teaches You How To Think Like One",
	publisher    = "Two Plus Two",
	year         = 1999,
	address      = "Henderson, NV",
	edition      = "Fourth",
	pages        = "17-18"
},

@misc{trenmicro,
	author       = "TrendMicro",
	title        = "$6M Lost in Another BEC Scam: Who Is the Weakest Link?",
	howpublished = "\url{https://www.trendmicro.com/vinfo/us/security/news/cybercrime-and-digital-threats/6m-lost-in-another-bec-scam-who-is-the-weakest-link}"
}

@misc{xkcd,
	author       = "Randall Munroe",
	title        = "Exploits of a Mom",
	howpublished = "\url{http://xkcd.com/327/}"
}

@misc{owasp,
	author       = "Open Web Application Security Project",
	title        = "Principle of Least Privilege",
	howpublished = "\url{https://www.owasp.org/index.php/Least_privilege}"
}
