@misc{cheatography,
	author       = "Cheatography",
	title        = "HTML Cheat Sheet",
	howpublished = "\url{http://www.cheatography.com/davechild/cheat-sheets/html4/pdf/}"
}

@misc{w3schools,
	author       = "W3 Schools",
	title        = "HTML Tag Reference",
	howpublished = "\url{http://www.w3schools.com/tags/}"
}

@misc{w3c,
	author       = "W3 Consortium",
	title        = "W3C Cheatsheet",
	howpublished = "\url{http://www.w3.org/2009/cheatsheet/}"
}