@misc{jargon,
	author       = "Eric S. Raymond",
	title        = "Jargon File: Cookie",
	howpublished = "\url{http://www.catb.org/~esr/jargon/html/C/cookie.html}"
}

@misc{php,
	author       = "PHP Project",
	title        = "Passing the Session ID",
	howpublished = "\url{http://www.php.net/manual/en/session.idpassing.php}"
}