@misc{wiki-scalability,
	author       = "Wikipedia",
	title        = "Scalability",
	howpublished = "\url{http://en.wikipedia.org/wiki/Scalability}"
}
