@misc{angular-bootstrap,
    author = {AngularJS Team},
    year = {2015},
    title = {UI Bootstrap},
    howpublished = {\url{https://angular-ui.github.io/bootstrap/}}
}

@misc{dependency-injection,
    author = {Anand Mani Sankar},
    year = {2014},
    title = {AngularJS Dependency Injection - Demystified},
    howpublished = {\url{http://anandmanisankar.com/posts/angularjs-dependency-injection-demystified/}}
}

@misc{directives,
    author = {Sandeep Panda},
    year = {2014},
    title = {A Practical Guide to AngularJS Directives},
    howpublished = {\url{http://www.sitepoint.com/practical-guide-angularjs-directives/}}
}

@misc{promise,
    author = {AngularJS Team},
    year = {2015},
    title = {AngularJS: API: \$q},
    howpublished = {\url{https://docs.angularjs.org/api/ng/service/$q}}
}

@misc{spring,
    author = {Pivotal Software},
    year = {2015},
    title = {The IoC Container},
    howpublished = {\url{http://docs.spring.io/spring/docs/current/spring-framework-reference/html/beans.html}}
}