@misc{census,
	author       = "US Census Bureau",
	title        = "Population Clock",
	howpublished = "\url{https://www.census.gov/popclock/}"
}

@misc{he-stats,
	author       = "Hurricane Electric",
	title        = "IPv6 Statistics",
	howpublished = "\url{https://ipv6.he.net/statistics/}"
}

@misc{lacnic,
	author       = "LACNIC News",
	title        = "No more IPv4 addresses in Latin America and the Caribbean",
	howpublished = "\url{http://www.lacnic.net/en/web/anuncios/2014-no-hay-mas-direcciones-ipv4-en-lac}"
}

@misc{arin,
	author       = "Leslie Nobile",
	title        = "ARIN Enters Phase Four of the IPv4 Countdown Plan",
	howpublished = "\url{https://www.arin.net/announcements/2014/20140423.html}"
}
