@misc{cheatography,
	author       = "Cheatography",
	title        = "Regular Expression Cheat Sheet",
	howpublished = "\url{http://www.cheatography.com/davechild/cheat-sheets/regular-expressions/pdf/}"
}

@misc{phpliveregex,
	author       = "Philip Bjorge",
	title        = "PHP Live Regex",
	howpublished = "\url{http://www.phpliveregex.com/}"
}

@misc{regex101,
	author       = "Regex 101",
	title        = "Regex 101",
	howpublished = "\url{http://www.regex101.com/}"
}